<record><leader>00000cas a2200000 a 4500</leader><controlfield tag="001">30832196</controlfield><controlfield tag="007">hd bfu---baat</controlfield><controlfield tag="007">hd afu---bact</controlfield><controlfield tag="008">940726c19749999nbuwr nea     0    0eng c</controlfield><datafield ind1=" " ind2=" " tag="010"><subfield code="a">sn 94056516 </subfield></datafield><datafield ind1=" " ind2=" " tag="040"><subfield code="a">NVG</subfield><subfield code="b">eng</subfield><subfield code="c">NVG</subfield><subfield code="d">DLC</subfield><subfield code="d">NVG</subfield><subfield code="d">OCLCQ</subfield><subfield code="d">OCLCF</subfield><subfield code="d">OCLCO</subfield><subfield code="d">OCLCQ</subfield></datafield><datafield ind1=" " ind2=" " tag="042"><subfield code="a">pcc</subfield></datafield><datafield ind1=" " ind2=" " tag="043"><subfield code="a">n-us-nb</subfield></datafield><datafield ind1="0" ind2="0" tag="245"><subfield code="a">Arapahoe public mirror.</subfield></datafield><datafield ind1="1" ind2="3" tag="246"><subfield code="a">Arapahoe public mirror and Holbrook observer</subfield></datafield><datafield ind1=" " ind2=" " tag="260"><subfield code="a">Arapahoe, Neb. :</subfield><subfield code="b">T.M. Gill,</subfield><subfield code="c">1974-</subfield></datafield><datafield ind1=" " ind2=" " tag="300"><subfield code="a">volumes</subfield></datafield><datafield ind1=" " ind2=" " tag="310"><subfield code="a">Weekly</subfield></datafield><datafield ind1=" " ind2=" " tag="336"><subfield code="a">text</subfield><subfield code="b">txt</subfield><subfield code="2">rdacontent</subfield></datafield><datafield ind1=" " ind2=" " tag="337"><subfield code="a">microform</subfield><subfield code="b">h</subfield><subfield code="2">rdamedia</subfield></datafield><datafield ind1=" " ind2=" " tag="338"><subfield code="a">microfilm reel</subfield><subfield code="b">hd</subfield><subfield code="2">rdacarrier</subfield></datafield><datafield ind1="0" ind2=" " tag="362"><subfield code="a">Vol. 95, no. 23 (June 6, 1974)-</subfield></datafield><datafield ind1=" " ind2=" " tag="500"><subfield code="a">Publisher's box title: Arapahoe public mirror and Holbrook observer.</subfield></datafield><datafield ind1=" " ind2=" " tag="525"><subfield code="a">Issues for Apr.-Aug. 1979 and 1980 accompanied by a separately numbered supplement: Laker (Elmwood, Neb.).</subfield></datafield><datafield ind1=" " ind2=" " tag="533"><subfield code="a">Microfilm.</subfield><subfield code="m">June 6,1974-July 1,1993</subfield><subfield code="b">Lincoln, Neb. :</subfield><subfield code="c">Nebraska State Historical Society.</subfield><subfield code="e">14 microfilm reels ; 35 mm.</subfield></datafield><datafield ind1=" " ind2="0" tag="651"><subfield code="a">Furnas County (Neb.)</subfield><subfield code="v">Newspapers.</subfield></datafield><datafield ind1=" " ind2="7" tag="651"><subfield code="a">Nebraska</subfield><subfield code="z">Furnas County.</subfield><subfield code="2">fast</subfield><subfield code="0">(OCoLC)fst01209227</subfield></datafield><datafield ind1=" " ind2="7" tag="655"><subfield code="a">Newspapers.</subfield><subfield code="2">fast</subfield><subfield code="0">(OCoLC)fst01423814</subfield></datafield><datafield ind1=" " ind2=" " tag="752"><subfield code="a">United States</subfield><subfield code="b">Nebraska</subfield><subfield code="c">Furnas</subfield><subfield code="d">Arapahoe.</subfield></datafield><datafield ind1="0" ind2="5" tag="780"><subfield code="t">Holbrook observer</subfield><subfield code="w">(DLC)sn 94056517</subfield></datafield><datafield ind1="0" ind2="0" tag="780"><subfield code="t">Public mirror (Arapahoe, Neb.)</subfield><subfield code="w">(DLC)sn 94055474</subfield></datafield><datafield ind1="1" ind2=" " tag="029"><subfield code="a">AU@</subfield><subfield code="b">000025894790</subfield></datafield></record>